<collection xmlns="http://www.loc.gov/MARC21/slim">
<record>
  <leader>01297nam0a22002651i 450 </leader>
  <controlfield tag="001">IT\ICCU\CNCE\054758</controlfield>
  <controlfield tag="005">20101214000000.0</controlfield>
  <datafield tag="012" ind1=" " ind2=" ">
    <subfield code="a">peus 3.ut V.re tesp (C) 1518 (Q)</subfield>
    <subfield code="2">fei</subfield>
  </datafield>
  <datafield tag="100" ind1=" " ind2=" ">
    <subfield code="a">20031114d1518        0itac0103    ba</subfield>
  </datafield>
  <datafield tag="101" ind1=" " ind2=" ">
    <subfield code="a">ITA</subfield>
  </datafield>
  <datafield tag="102" ind1=" " ind2=" ">
    <subfield code="a">IT</subfield>
  </datafield>
  <datafield tag="200" ind1="1" ind2=" ">
    <subfield code="a">Itinerario de Ludouico de Varthema bolognese nello Egypto nella Suria, nella Arabia deserta &amp; felice nella Persia nella India &amp; nella Ethiopia la fede, el viuere &amp; costumi de tutte le prefate prouincie</subfield>
  </datafield>
  <datafield tag="210" ind1=" " ind2=" ">
    <subfield code="e">Impresso in Rome \!!</subfield>
    <subfield code="g">per mastro Stephano Guillireti de Lorenno</subfield>
    <subfield code="h">1517 \i.e. 1518! adi xvi de iunio</subfield>
  </datafield>
  <datafield tag="215" ind1=" " ind2=" ">
    <subfield code="a">\132! c.</subfield>
    <subfield code="d">8ʻ</subfield>
  </datafield>
  <datafield tag="300" ind1=" " ind2=" ">
    <subfield code="a">Data del privilegio a c. A3r: 10.6.1518</subfield>
  </datafield>
  <datafield tag="620" ind1=" " ind2=" ">
    <subfield code="a">IT</subfield>
    <subfield code="d">Roma</subfield>
  </datafield>
  <datafield tag="700" ind1=" " ind2="1">
    <subfield code="a">Varthema,</subfield>
    <subfield code="b">Lodovico : de</subfield>
    <subfield code="3">IT\ICCU\CNCA\007403</subfield>
  </datafield>
  <datafield tag="712" ind1="0" ind2="0">
    <subfield code="a">Guillery, Etienne</subfield>
    <subfield code="3">IT\ICCU\CNCT\000106</subfield>
    <subfield code="4">650</subfield>
  </datafield>
  <datafield tag="790" ind1=" " ind2="1">
    <subfield code="a">Bartema,</subfield>
    <subfield code="b">Lodovico</subfield>
    <subfield code="3">IT\ICCU\CNCA\017054</subfield>
    <subfield code="z">Varthema, Lodovico : de</subfield>
  </datafield>
  <datafield tag="790" ind1=" " ind2="1">
    <subfield code="a">Vartema,</subfield>
    <subfield code="b">Lodovico</subfield>
    <subfield code="3">IT\ICCU\CNCA\024630</subfield>
    <subfield code="z">Varthema, Lodovico : de</subfield>
  </datafield>
  <datafield tag="791" ind1="0" ind2="0">
    <subfield code="a">Guilliretus, Stephanus</subfield>
    <subfield code="3">IT\ICCU\CNCT\003508</subfield>
    <subfield code="z">Guillery, Etienne</subfield>
  </datafield>
  <datafield tag="791" ind1="0" ind2="0">
    <subfield code="a">Guilleretus, Stephanus</subfield>
    <subfield code="3">IT\ICCU\CNCT\005093</subfield>
    <subfield code="z">Guillery, Etienne</subfield>
  </datafield>
  <datafield tag="791" ind1="0" ind2="0">
    <subfield code="a">Guilleri, Stephanus</subfield>
    <subfield code="3">IT\ICCU\CNCT\005094</subfield>
    <subfield code="z">Guillery, Etienne</subfield>
  </datafield>
  <datafield tag="801" ind1=" " ind2="3">
    <subfield code="a">IT</subfield>
    <subfield code="b">ICCU</subfield>
    <subfield code="c">20201115</subfield>
  </datafield>
  <datafield tag="899" ind1=" " ind2=" ">
    <subfield code="a">Biblioteca nazionale centrale. Roma</subfield>
    <subfield code="1">RM0267</subfield>
    <subfield code="2">BVE CR</subfield>
  </datafield>
</record>
</collection>
